@Article{croarken2000,
  author = 	 {M. Croarken and M. Campbell-Kelly},
  title = 	 {Beautiful numbers: the rise and decline of the
                  {B}ritish {A}ssociation {M}athematical {T}ables
                  {C}ommittee, 1871-1965},
  journal = 	 {IEEE Annals ofthe History of Computing},
  year = 	 {2000},
  volume =	 {22},
  number =	 {4},
  pages =	 {44--61},
  month =	 {January}
  }



@Article{polachek1995,
  author = 	 {H. Polachek},
  title = 	 {History of the journal {\em {M}athematical {T}ables and
                  other {A}ids to {C}omputation}},
  journal = 	 {IEEE Annals of the History of Computing},
  year = 	 {1995},
  volume =	 {17},
  number =	 {3},
  pages =	 {67--74}
  }

@Book{abramowitz1965,
  author = 	 {M. Abramowitz and I. A. Stegun},
  title = 	 {Handbook of Mathematical Functions},
  publisher = 	 {New York: Dover},
  year = 	 {1965}}

